@misc{dotnet,
title = {{.NET Programming Languages}},
note = {on-line at: \url{https://dotnet.microsoft.com/languages}}
}

@misc{webPlatforms,
title = {{Microsoft platforms and technologies}},
note = {on-line at: \url{https://developer.microsoft.com/en-us/web/platforms-tech/}}
}

@misc{google,
title = {{Top Programming Languages used By Google Programmers}},
note = {on-line at: \url{https://www.technotification.com/2018/12/programming-languages-google.html}},
author = {Cleophas Mulongo},
year = {2018}
}

@misc{python,
title = {{The Incredible Growth of Python}},
note = {on-line at: \url{https://stackoverflow.blog/2017/09/06/incredible-growth-python/}},
author = {David Robinson}
}

@misc{indeed,
title = {{The 7 Most In-Demand Programming Languages of 2018}},
note = {on-line at: \url{https://www.codingdojo.com/blog/7-most-in-demand-programming-languages-of-2018}}
}

@misc{github,
title = {{Ranking Programming Languages by GitHub Users}},
note = {on-line at: \url{https://www.benfrederickson.com/ranking-programming-languages-by-github-users/}},
author = {Ben Frederickson},
year = {2018}
}

@misc{salary,
title = {{Here are the best programming languages to learn in 2018}},
note = {on-line at: \url{https://medium.freecodecamp.org/best-programming-languages-to-learn-in-2018-ultimate-guide-bfc93e615b35}},
author = {Alexander Petkov}
}

@misc{pwa,
title = {{Software Development Trends for 2019}},
note = {on-line at: \url{https://polcode.com/blog/software-development-trends-for-2019/}},
author = {Polcode Team},
year = {2018}
}

@misc{kotlin,
title = {{Programming in 2019: 7 Key Trends to Watch Out}},
note = {on-line at: \url{https://www.cmarix.com/programming-in-2019-7-key-trends-to-watch-out/}}
}

@misc{jupyter,
title = {{The Growing Popularity of Jupyter Notebooks...}},
note = {on-line at: \url{https://blog.ouseful.info/2018/09/10/the-growing-popularity-of-jupyter-notebooks/}},
author = {Tony Hirst},
year = {2018}
}